@book{Bostrom2014,
 author = {Bostrom, Nick},
 title = {Superintelligence: Paths, Dangers, Strategies},
 year = {2014},
 isbn = {0199678111, 9780199678112},
 edition = {1st},
 publisher = {Oxford University Press, Inc.},
 address = {New York, NY, USA},
}

@misc{Trazzi2018code,
  author = {Trazzi, Michaël},
  title = {A Link To The Past Gridworld Environment for the Treacherous Turn},
  year = {July 2018},
  publisher = {GitHub},
  journal = {GitHub repository},
  howpublished = {\url{https://github.com/mtrazzi/gym-alttp-gridworld}},
  commit = {c01b324fe51373181f1f68bcce3736bb16c489fa}
}

@misc{Trazzi2018blog,
author = {Trazzi, Michaël},
title = {A Gym Gridworld Environment for the Treacherous Turn},
journal = {LessWrong},
type = {Blog},
year = {July 2018},
howpublished = {\url{https://www.lesswrong.com/posts/cKfryXvyJ522iFuNF/a-gym-gridworld-environment-for-the-treacherous-turn}}
}

@article{baum2018modeling,
  title={Modeling and Interpreting Expert Disagreement About Artificial Superintelligence},
  author={Baum, Seth and Barrett, Anthony and Yampolskiy, Roman V},
  year={2018}
}

@article{olah2018the,
  author = {Olah, Chris and Satyanarayan, Arvind and Johnson, Ian and Carter, Shan and Schubert, Ludwig and Ye, Katherine and Mordvintsev, Alexander},
  title = {The Building Blocks of Interpretability},
  journal = {Distill},
  year = {2018},
  note = {https://distill.pub/2018/building-blocks},
  doi = {undefined}
}

@article{Amstrong2017,
  author    = {Stuart Armstrong},
  title     = {Good and safe uses of {AI} Oracles},
  year      = {2017},
  url       = {http://arxiv.org/abs/1711.05541},
}

@article{Trazzi2018stupidity,
  author    = {Micha{\"{e}}l Trazzi and
               Roman V. Yampolskiy},
  title     = {Building Safer {AGI} by introducing Artificial Stupidity},
  year      = {2018},
  url       = {http://arxiv.org/abs/1808.03644},
}

@article{Wang2016,
  author    = {Jane X. Wang et al.},
  title     = {Learning to reinforcement learn},
  url       = {https://arxiv.org/abs/1611.05763},
  year      = {2016}
}

@misc{TrazziDec2018code,
  author = {Trazzi, Michaël},
  title = {The two-step task},
  year = {Dec 2018},
  publisher = {GitHub},
  journal = {GitHub repository},
  howpublished = {\url{https://github.com/mtrazzi/two-step-task}},
  commit = {19d7c87a66da537b9b6acf16a33773c8596ee658}
}

@article{shulman2012hard,
  title={How hard is artificial intelligence? Evolutionary arguments and selection effects},
  author={Shulman, Carl and Bostrom, Nick},
  journal={Journal of Consciousness Studies},
  volume={19},
  number={7-8},
  pages={103--130},
  year={2012},
  publisher={Imprint Academic}
}

@misc{Trazzi2018intergalactic,
author = {Trazzi, Michaël},
title = {Should an AGI build a telescope to spot intergalactic Segways?},
journal = {LessWrong},
type = {Blog},
year = {April 2018},
howpublished = {\url{https://www.lesswrong.com/posts/piCqQqeTHjttFGYxR/should-an-agi-build-a-telescope-to-spot-intergalactic}}
}

@misc{sandberg2018space,
  title={Space races: Settling the universe Fast},
  author={Sandberg, Anders},
  year={2018}
}

@article{sandberg2017not,
  title={That is not dead which can eternal lie: the aestivation hypothesis for resolving Fermi's paradox},
  author={Sandberg, Anders and Armstrong, Stuart and Cirkovic, Milan M},
  journal={arXiv preprint arXiv:1705.03394},
  year={2017}
}

@incollection{sandberg2013feasibility,
  title={Feasibility of whole brain emulation},
  author={Sandberg, Anders},
  booktitle={Philosophy and Theory of Artificial Intelligence},
  pages={251--264},
  year={2013},
  publisher={Springer}
}

@article{sandberg2008whole,
  title={Whole brain emulation},
  author={Sandberg, Anders and Bostrom, Nick},
  year={2008},
  publisher={Citeseer}
}

@misc{waitbutwhy2017,
    title={Neuralink and the Brain’s Magical Future},
    author={Urban, Tim},
    year={2017},
    url={https://waitbutwhy.com/2017/04/neuralink.html}
}

@inproceedings{omohundro2008basic,
  title={The basic AI drives},
  author={Omohundro, Stephen M},
  year={2008}
}
